<?xml version="1.0" encoding="UTF-8"?><collection xmlns="http://www.loc.gov/MARC21/slim"><record><leader>00561nam--2200181-i-4500</leader><controlfield tag="001">000003102</controlfield><controlfield tag="002">20161230</controlfield><controlfield tag="005">20170302004106</controlfield><controlfield tag="008">060222s1000------------r-----000-0-eng-d</controlfield><datafield ind1=" " ind2=" " tag="040"><subfield code="a">IFIN-HH</subfield></datafield><datafield ind1="1" ind2=" " tag="100"><subfield code="a">Campbell, Ivor E</subfield></datafield><datafield ind1="1" ind2="0" tag="245"><subfield code="a">High-temperature technology</subfield><subfield code="c">I. E. Campbell (Editor-in-Chief)</subfield></datafield><datafield ind1=" " ind2=" " tag="260"><subfield code="a">New York</subfield><subfield code="b">John Wiley &amp; Sons,Inc</subfield><subfield code="c">1956</subfield></datafield><datafield ind1=" " ind2=" " tag="300"><subfield code="a">XIV + 526 p</subfield></datafield><datafield ind1=" " ind2=" " tag="490"><subfield code="a">The Electrochemical Society Series</subfield></datafield><datafield ind1=" " ind2=" " tag="500"><subfield code="a">Sponsored by The Electrochemical Society, Inc. New York, N.Y</subfield></datafield><datafield ind1=" " ind2=" " tag="852"><subfield code="a">12013</subfield><subfield code="c">533.9</subfield></datafield><datafield ind1=" " ind2=" " tag="CAT"><subfield code="a">SYS</subfield><subfield code="c">20170302</subfield><subfield code="h">004106</subfield></datafield></record></collection>